<?xml version="1.0" encoding="UTF-8"?><record xmlns="http://www.loc.gov/MARC21/slim" xmlns:cinclude="http://apache.org/cocoon/include/1.0" xmlns:zs="http://www.loc.gov/zing/srw/">
  <leader>00590nz  a2200157n  4500</leader>
  <controlfield tag="001">no 97063317 </controlfield>
  <controlfield tag="003">DLC</controlfield>
  <controlfield tag="005">19971029052902.9</controlfield>
  <controlfield tag="008">971028n| acannaab|          |a ana     c</controlfield>
  <datafield tag="010" ind1=" " ind2=" ">
    <subfield code="a">no 97063317 </subfield>
  </datafield>
  <datafield tag="035" ind1=" " ind2=" ">
    <subfield code="a">(OCoLC)oca04488318 </subfield>
  </datafield>
  <datafield tag="040" ind1=" " ind2=" ">
    <subfield code="a">PPiU</subfield>
    <subfield code="c">PPiU</subfield>
  </datafield>
  <datafield tag="110" ind1="2" ind2="0">
    <subfield code="a">Stowarzyszenie "Pax".</subfield>
    <subfield code="b">Ośrodek Spraw Międzynarodowych</subfield>
  </datafield>
  <datafield tag="410" ind1="2" ind2="0">
    <subfield code="a">OSM PAX</subfield>
  </datafield>
  <datafield tag="410" ind1="2" ind2="0">
    <subfield code="a">Ośrodek Spraw Międzynarodowych Pax)</subfield>
  </datafield>
  <datafield tag="670" ind1=" " ind2=" ">
    <subfield code="a">Możliwe i pożądane kierunkiu badań ... 1989:</subfield>
    <subfield code="b">t.p. (Stowarzyszenie PAX Ośrodek Spraw Międzynarodowych; OSM PAX) p. 3 of cover (Ośrodek Spraw Międzynarodowych Pax)</subfield>
  </datafield>
</record>